<?xml version="1.0" encoding="UTF-8"?>
<zs:searchRetrieveResponse xmlns:zs="http://www.loc.gov/zing/srw/">
  <zs:version>1.1</zs:version>
  <zs:numberOfRecords>3</zs:numberOfRecords>
  <zs:records>
    <zs:record>
      <zs:recordSchema/>
      <zs:recordPacking>xml</zs:recordPacking>
      <zs:recordData>
        <record xmlns="http://www.loc.gov/MARC21/slim">
          <leader>01348ncm a22003973  4500</leader>
          <controlfield tag="001">23403882</controlfield>
          <controlfield tag="005">20231130113346.0</controlfield>
          <controlfield tag="006">m    |o  d |      </controlfield>
          <controlfield tag="007">cr |||||||||||</controlfield>
          <controlfield tag="007">qu</controlfield>
          <controlfield tag="008">231115nuuuuuuuuxx uul|g|||||||n| | |||  </controlfield>
          <datafield tag="906" ind1=" " ind2=" ">
            <subfield code="a">0</subfield>
            <subfield code="b">ibc</subfield>
            <subfield code="c">orignew</subfield>
            <subfield code="d">u</subfield>
            <subfield code="e">ncip</subfield>
            <subfield code="f">20</subfield>
            <subfield code="g">y-genmusic</subfield>
          </datafield>
          <datafield tag="010" ind1=" " ind2=" ">
            <subfield code="a">  2023791002</subfield>
          </datafield>
          <datafield tag="035" ind1=" " ind2=" ">
            <subfield code="a">(DLC)ihas.100004193</subfield>
          </datafield>
          <datafield tag="040" ind1=" " ind2=" ">
            <subfield code="a">DLC</subfield>
            <subfield code="b">eng</subfield>
            <subfield code="c">DLC</subfield>
          </datafield>
          <datafield tag="050" ind1="0" ind2="0">
            <subfield code="a">ML31</subfield>
            <subfield code="b">.E3</subfield>
          </datafield>
          <datafield tag="245" ind1="0" ind2="0">
            <subfield code="a">Good cheer.</subfield>
          </datafield>
          <datafield tag="264" ind1=" " ind2="1">
            <subfield code="a">New York :</subfield>
            <subfield code="b">G. Schirmer,</subfield>
            <subfield code="c">[18--?].</subfield>
          </datafield>
          <datafield tag="300" ind1=" " ind2=" ">
            <subfield code="a">1 score</subfield>
          </datafield>
          <datafield tag="336" ind1=" " ind2=" ">
            <subfield code="a">notated music</subfield>
            <subfield code="b">ntm</subfield>
            <subfield code="2">rdacontent</subfield>
          </datafield>
          <datafield tag="337" ind1=" " ind2=" ">
            <subfield code="a">unmediated</subfield>
            <subfield code="b">n</subfield>
            <subfield code="2">rdamedia</subfield>
          </datafield>
          <datafield tag="338" ind1=" " ind2=" ">
            <subfield code="a">sheet</subfield>
            <subfield code="b">nb</subfield>
            <subfield code="2">rdacarrier</subfield>
          </datafield>
          <datafield tag="340" ind1=" " ind2=" ">
            <subfield code="a">sheet music</subfield>
          </datafield>
          <datafield tag="500" ind1=" " ind2=" ">
            <subfield code="a">Location: Box 1</subfield>
          </datafield>
          <datafield tag="555" ind1="8" ind2=" ">
            <subfield code="a">For information about this resource, refer to finding aid available at</subfield>
            <subfield code="u">https://hdl.loc.gov/loc.music/eadmus.mu002003</subfield>
          </datafield>
          <datafield tag="588" ind1="0" ind2=" ">
            <subfield code="a">Record created through migration from the Performing Arts Encyclopedia Database.</subfield>
          </datafield>
          <datafield tag="720" ind1="1" ind2=" ">
            <subfield code="a">Alexander, J.</subfield>
            <subfield code="e">Composer</subfield>
          </datafield>
          <datafield tag="720" ind1=" " ind2=" ">
            <subfield code="a">Dendy, Mary, Miss</subfield>
            <subfield code="e">Lyricist</subfield>
          </datafield>
          <datafield tag="773" ind1="0" ind2=" ">
            <subfield code="t">Edison sheet music collection, 1830-1958</subfield>
            <subfield code="w">(DLC)  2002604960</subfield>
          </datafield>
          <datafield tag="852" ind1="8" ind2=" ">
            <subfield code="b">c-Music</subfield>
            <subfield code="h">Edison sheet music collection</subfield>
            <subfield code="z">See Reading Room staff</subfield>
          </datafield>
          <datafield tag="856" ind1="4" ind2="1">
            <subfield code="u">http://hdl.loc.gov/loc.music/ihas.100004193</subfield>
          </datafield>
          <datafield tag="985" ind1=" " ind2=" ">
            <subfield code="e">music/ihas</subfield>
          </datafield>
          <datafield tag="985" ind1=" " ind2=" ">
            <subfield code="e">music/edison</subfield>
          </datafield>
          <datafield tag="985" ind1=" " ind2=" ">
            <subfield code="e">music/songamerica</subfield>
          </datafield>
          <datafield tag="985" ind1=" " ind2=" ">
            <subfield code="e">music/soa_pop</subfield>
          </datafield>
          <datafield tag="985" ind1=" " ind2=" ">
            <subfield code="a">pae-migration</subfield>
          </datafield>
        </record>
      </zs:recordData>
      <zs:recordPosition>1</zs:recordPosition>
    </zs:record>